
@inproceedings{7396510,
author = {M. Choi and W. Park and I. Lee},
booktitle = {2015 IEEE International Conference on Data Science and Data Intensive Systems (DSDIS)},
title = {Smart Office Energy-Saving Service Using Bluetooth Low Energy Beacons and Smart Plugs},
year = {2015},
volume = {00},
number = {},
pages = {247-251},
keywords={Mobile communication;Monitoring;Servers;Energy consumption;Energy measurement;Estimation;Bluetooth},
doi = {10.1109/DSDIS.2015.69},
url = {doi.ieeecomputersociety.org/10.1109/DSDIS.2015.69},
ISSN = {},
month={Dec.}
}


@article{SJAR234,
	author = {L. Ruiz-Garcia and P. Barreiro and J. Rodr√≠guez-Bermejo and J.I. Robla},
	title = {Review. Monitoring the intermodal, refrigerated transport of fruit using sensor networks},
	journal = {Spanish Journal of Agricultural Research},
	volume = {5},
	number = {2},
	year = {2007}
}


@misc{statista,
  author = {statista.com},
  title = {{Bluetooth low energy (BLE) enabled devices market volume worldwide, from 2013 to 2020}},
  howpublished = "\url{https://www.statista.com/statistics/750569/worldwide-bluetooth-low-energy-device-market-volume/}",
  year = {2017}, 
  note = "[Online; accessed 5-December-2017]"
}


@book{Bell2013:978-1-4302-5825-4,
  Author =       {Bell, Charles},
  Edition =      {1},
  Publisher =    {Apress},
  Title =        {Beginning Sensor Networks with Arduino and Raspberry Pi},
  Year =         2013,
}


@article{article,
author = {Kim, Cheol-Min and Kang, Hyung-Woo and Choi, Sang-Il and Koh, Seok-Joo},
year = {2016},
month = {05},
pages = {298-306},
title = {Implementation of CoAP/6LoWPAN over BLE Networks for IoT Services},
volume = {21},
booktitle = {Journal of Broadcast Engineering}
}


@unknown{unknown,
author = {Ungurean, Ioan and Gaitan, Nicoleta-Cristina and Gheorghita Gaitan, Vasile},
year = {2014},
month = {05},
pages = {1-4},
title = {An IoT architecture for things from industrial environment},
isbn = {978-1-4799-2385-4}
}


@article{article,
author = {Sajid, Anam and Abbas, Haider and Saleem, Kashif},
year = {2016},
month = {03},
pages = {1-1},
title = {Cloud-Assisted IoT-Based SCADA Systems Security: A Review of the State of the Art and Future Challenges},
volume = {4},
booktitle = {IEEE Access}
}


@misc{android,
  author = {Google},
  title = {{Google Android operating system}},
  howpublished = "\url{https://www.android.com/}",
  year = {2017}, 
  note = "[Online; accessed 5-December-2017]"
}


@misc{nodejs,
  author = {Linux Foundation},
  title = {{Node.js javascript runtime}},
  howpublished = "\url{https://nodejs.org/en/}",
  year = {2017}, 
  note = "[Online; accessed 5-December-2017]"
}


@misc{npm,
  author = {npm, Inc},
  title = {{Package manager for node.js}},
  howpublished = "\url{https://www.npmjs.com/}",
  year = {2017}, 
  note = "[Online; accessed 5-December-2017]"
}


@misc{express,
  author = {express.js contributors},
  title = {{Web framework for node.js}},
  howpublished = "\url{https://expressjs.com/}",
  year = {2017}, 
  note = "[Online; accessed 5-December-2017]"
}


@misc{sequelize,
  author = {sequelize contributors},
  title = {{Promise based ORM for node.js}},
  howpublished = "\url{https://github.com/sandeepmistry/bleno}",
  year = {2017}, 
  note = "[Online; accessed 5-December-2017]"
}


@misc{bleno,
  author = {bleno contributors},
  title = {{A Node.js module for implementing BLE (Bluetooth Low Energy) peripherals}},
  howpublished = "\url{http://docs.sequelizejs.com/}",
  year = {2017}, 
  note = "[Online; accessed 5-December-2017]"
}


@misc{bluetooth,
  author = {bluetooth special interest group},
  title = {{bluetooth technology}},
  howpublished = "\url{https://www.bluetooth.com/}",
  year = {2017}, 
  note = "[Online; accessed 5-December-2017]"
}


@misc{ferguson2017bluetooth,
  title={Bluetooth low energy beacon},
  author={Ferguson, H. and Granbery, J.H. and Govindarajan, S. and Griffin, K.C. and Behar, Y. and Debaigue, A.K.},
  howpublished="\url{https://www.google.com/patents/USD780183}",
  year={2017},
  month=feb # "~28",
  publisher={Google Patents},
  note={US Patent D780,183}
}


@misc{sqlite,
  title={SQLite},
  author={SQLite Consortium},
  howpublished="\url{https://www.sqlite.org/}",
  year={2017},
  note = "[Online; accessed 5-December-2017]"
}


@book{Guinard:2016:BWT:3055920,
 author = {Guinard, Dominique and Trifa, Vlad},
 title = {Building the Web of Things: With Examples in Node.Js and Raspberry Pi},
 year = {2016},
 isbn = {1617292680, 9781617292682},
 edition = {1st},
 publisher = {Manning Publications Co.},
 address = {Greenwich, CT, USA},
} 


@misc{rfc6455,
	series =	{Request for Comments},
	number =	6455,
	howpublished =	{RFC 6455},
	publisher =	{RFC Editor},
	doi =		{10.17487/RFC6455},
	url =		{https://rfc-editor.org/rfc/rfc6455.txt},
        author =	{Alexey Melnikov and Ian Fette},
	title =		{{The WebSocket Protocol}},
	pagetotal =	71,
	year =		2011,
	month =		dec,
}


@misc{wssupport,
  title={Can I use websockets},
  author={caniuse.com},
  howpublished="\url{https://caniuse.com/#feat=websockets}",
  year={2017},
  note = "[Online; accessed 5-December-2017]"
}


@misc{Activity,
  title={Activity},
  author={Android Developers},
  howpublished="\url{https://developer.android.com/guide/components/activities/index.html}",
  year={2017},
  note = "[Online; accessed 8-December-2017]"
}


@misc{ListView,
  title={ListView},
  author={Android Developers},
  howpublished="\url{https://developer.android.com/guide/topics/ui/layout/listview.html}",
  year={2017},
  note = "[Online; accessed 8-December-2017]"
}


@misc{Dialog,
  title={Dialog},
  author={Android Developers},
  howpublished="\url{https://developer.android.com/guide/topics/ui/dialogs.html}",
  year={2017},
  note = "[Online; accessed 8-December-2017]"
}

